@misc{qualys,
author={Bharat Jogi, Director},
title = {PwnKit: Local privilege escalation vulnerability discovered in Polkit's PKEXEC (CVE-2021-4034)},
journal={Qualys Security Blog},
url={https://blog.qualys.com/vulnerabilities-threat-research/2022/01/25/pwnkit-local-privilege-escalation-vulnerability-discovered-in-polkits-pkexec-cve-2021-4034},
month={Feb},
year={2022},
}

@misc{arthepsy,
author={Arthepsy},
title={Arthepsy/CVE-2021-4034: Poc for pwnkit: Local privilege escalation vulnerability in Polkit's PKEXEC (CVE-2021-4034)},journal={Qualys Security Blog},
url={https://github.com/arthepsy/CVE-2021-4034},
journal={GitHub}, 
}

@misc{pkexec1E89:online,
author = {},
title = {pkexec(1): Execute command as another user - Linux man page},
howpublished = {\url{https://linux.die.net/man/1/pkexec}},
month = {},
year = {},
note = {(Accessed on 11/16/2022)}
}

@misc{Howtopro9:online,
author = {},
title = {How to protect GRUB2 from booting kernel without password in Linux | GoLinuxCloud},
howpublished = {\url{https://www.golinuxcloud.com/protect-grub2-booting-kernel-without-password/}},
month = {},
year = {},
note = {(Accessed on 11/16/2022)}
}

@misc{CVE2021350:online,
author = {},
title = {[CVE-2021-3156] Exploiting Sudo Heap Overflow On Debian 10},
howpublished = {\url{https://syst3mfailure.io/sudo-heap-overflow#:~:text=Image%3A%20debian%2D10.7.0%2Damd64%2DDVD%2D1.iso}},
month = {},
year = {},
note = {(Accessed on 11/16/2022)}
}

@misc{policyki47:online,
author = {},
title = {policykit [Wiki ubuntu-fr]},
howpublished = {\url{https://doc.ubuntu-fr.org/policykit}},
month = {},
year = {},
note = {(Accessed on 11/19/2022)}
}

@misc{PartVMan11:online,
author = {},
title = {Part V. Manual Pages: polkit Reference Manual},
howpublished = {\url{https://www.freedesktop.org/software/polkit/docs/latest/manpages.html}},
month = {},
year = {},
note = {(Accessed on 11/19/2022)}
}


@misc{CVE2021425:online,
author = {},
title = {CVE-2021-4034 : Présentation pas à pas de Pwnkit : dernière | de la vulnérabilité d’escalade des privilèges Linux Réparer},
howpublished = {\url{https://www.mend.io/resources/blog/polkit-pkexec-vulnerability-cve-2021-4034/}},
month = {},
year = {},
note = {(Accessed on 11/29/2022)}
}

@misc{pkexeclo25:online,
author = {},
title = {pkexec: local privilege escalation (CVE-2021-4034) (a2bf5c9c) · Commits · polkit / polkit · GitLab},
howpublished = {\url{https://gitlab.freedesktop.org/polkit/polkit/-/commit/a2bf5c9c83b6ae46cbd5c779d3055bff81ded683}},
month = {},
year = {},
note = {(Accessed on 11/30/2022)}
}

@misc{securitytrack:online,
author = {},
title = {CVE-2021-4034},
howpublished = {\url{https://security-tracker.debian.org/tracker/CVE-2021-4034}},
month = {},
year = {},
note = {(Accessed on 11/30/2022)}
}

@misc{grubchangepassword:online,
author = {},
title = {LayerStack Tutorials - LayerStack - Resetting root password by booting into Single User Mode from Linux GRUB},
howpublished = {\url{https://www.layerstack.com/resources/tutorials/Resetting-root-password-for-Linux-Cloud-Servers-by-booting-into-Single-User-Mode#:~:text=In%20the%20GRUB%20menu%2C%20find,the%20end%20of%20the%20line.&text=%3D%2Fbin%2Fbash-,Press%20CTRL%2BX%20or%20F10%20to%20save%20the%20changes%20and,boot%20into%20the%20root%20prompt.&text=Type%20in%20the%20command%20passwd%20to%20set%20the%20new%20password.,-The%20password%20would}},
month = {},
year = {},
note = {(Accessed on 12/01/2022)}
}

@misc{10stepst56:online,
author = {},
title = {10 steps to Password Protect SUSE's Grub Bootloader | SUSE Communities},
howpublished = {\url{https://www.suse.com/c/10-steps-password-protect-suses-grub-bootloader/#:~:text=Steps%3A%201%20Log%20into%20your%20box%20as%20root,8%20Open%20up%20a%20new%20shell.%20%C3%89l%C3%A9ments%20suppl%C3%A9mentaires}},
month = {},
year = {},
note = {(Accessed on 12/01/2022)}
}