@BOOK{principles,
  TITLE = {Fundamental Principles of Optical Lithography},
  SUBTITLE = {The Science of Microfabrication},
  AUTHOR = {Mack, Chris A},
  YEAR = {2007}, % I looked it up
  PUBLISHER = {Wiley},
}


@misc{qualys, title={PwnKit: Local privilege escalation vulnerability discovered in Polkit's PKEXEC (CVE-2021-4034)}, url={https://blog.qualys.com/vulnerabilities-threat-research/2022/01/25/pwnkit-local-privilege-escalation-vulnerability-discovered-in-polkits-pkexec-cve-2021-4034}, journal={Qualys Security Blog}, author={Bharat Jogi, Director}, year={2022}, month={Feb}} 